Store,Type_assortment,CompetitionDistance,DayOfWeek,Date,Customers,Sales,Open,Promo,StateHoliday,SchoolHoliday
562,b c,1210,2,1/1/2013,1675,8498,1,0,a,1
562,b c,1210,3,1/2/2013,2744,15472,1,0,0,1
562,b c,1210,4,1/3/2013,2755,14807,1,0,0,1
562,b c,1210,5,1/4/2013,2737,15357,1,0,0,1
562,b c,1210,6,1/5/2013,2364,12554,1,0,0,0
562,b c,1210,7,1/6/2013,2564,15678,1,0,0,0
562,b c,1210,1,1/7/2013,3408,22801,1,1,0,0
562,b c,1210,2,1/8/2013,3268,20282,1,1,0,0
562,b c,1210,3,1/9/2013,2989,18885,1,1,0,0
562,b c,1210,4,1/10/2013,3250,19922,1,1,0,0
562,b c,1210,5,1/11/2013,3342,20010,1,1,0,0
562,b c,1210,6,1/12/2013,2596,14124,1,0,0,0
562,b c,1210,7,1/13/2013,2713,15922,1,0,0,0
562,b c,1210,1,1/14/2013,2958,16771,1,0,0,0
562,b c,1210,2,1/15/2013,3006,16531,1,0,0,0
562,b c,1210,3,1/16/2013,2937,15793,1,0,0,0
562,b c,1210,4,1/17/2013,3086,16703,1,0,0,0
562,b c,1210,5,1/18/2013,3306,17631,1,0,0,0
562,b c,1210,6,1/19/2013,2636,13219,1,0,0,0
562,b c,1210,7,1/20/2013,2917,17552,1,0,0,0
562,b c,1210,1,1/21/2013,3392,21132,1,1,0,0
562,b c,1210,2,1/22/2013,3268,20317,1,1,0,0
562,b c,1210,3,1/23/2013,3375,21784,1,1,0,0
562,b c,1210,4,1/24/2013,3272,18868,1,1,0,0
562,b c,1210,5,1/25/2013,3481,20029,1,1,0,0
562,b c,1210,6,1/26/2013,2560,13005,1,0,0,0
562,b c,1210,7,1/27/2013,2714,16114,1,0,0,0
562,b c,1210,1,1/28/2013,3075,17023,1,0,0,0
562,b c,1210,2,1/29/2013,2929,16078,1,0,0,0
562,b c,1210,3,1/30/2013,3059,16452,1,0,0,0
562,b c,1210,4,1/31/2013,3367,18555,1,0,0,1
562,b c,1210,5,2/1/2013,3435,19284,1,0,0,1
562,b c,1210,6,2/2/2013,2944,15626,1,0,0,0
562,b c,1210,7,2/3/2013,3084,18813,1,0,0,0
562,b c,1210,1,2/4/2013,3570,22442,1,1,0,0
562,b c,1210,2,2/5/2013,3323,20801,1,1,0,0
562,b c,1210,3,2/6/2013,3341,20798,1,1,0,0
562,b c,1210,4,2/7/2013,3338,19236,1,1,0,0
562,b c,1210,5,2/8/2013,3546,20002,1,1,0,0
562,b c,1210,6,2/9/2013,2687,14339,1,0,0,0
562,b c,1210,7,2/10/2013,3160,18486,1,0,0,0
562,b c,1210,1,2/11/2013,3104,16522,1,0,0,0
562,b c,1210,2,2/12/2013,3051,16297,1,0,0,0
562,b c,1210,3,2/13/2013,3118,17097,1,0,0,0
562,b c,1210,4,2/14/2013,2618,14561,1,0,0,0
562,b c,1210,5,2/15/2013,2616,14210,1,0,0,0
562,b c,1210,6,2/16/2013,2651,12724,1,0,0,0
562,b c,1210,7,2/17/2013,2903,17443,1,0,0,0
562,b c,1210,1,2/18/2013,3359,21833,1,1,0,0
562,b c,1210,2,2/19/2013,3157,19604,1,1,0,0
562,b c,1210,3,2/20/2013,3053,17748,1,1,0,0
562,b c,1210,4,2/21/2013,3082,18565,1,1,0,0
562,b c,1210,5,2/22/2013,3333,18580,1,1,0,0
562,b c,1210,6,2/23/2013,2525,12613,1,0,0,0
562,b c,1210,7,2/24/2013,2795,15915,1,0,0,0
562,b c,1210,1,2/25/2013,2878,15328,1,0,0,0
562,b c,1210,2,2/26/2013,2826,15440,1,0,0,0
562,b c,1210,3,2/27/2013,2877,16205,1,0,0,0
562,b c,1210,4,2/28/2013,3156,17549,1,0,0,0
562,b c,1210,5,3/1/2013,3416,18411,1,0,0,0
562,b c,1210,6,3/2/2013,2821,14911,1,0,0,0
562,b c,1210,7,3/3/2013,3285,20210,1,0,0,0
562,b c,1210,1,3/4/2013,3440,22597,1,1,0,0
562,b c,1210,2,3/5/2013,3190,19239,1,1,0,0
562,b c,1210,3,3/6/2013,3141,17864,1,1,0,0
562,b c,1210,4,3/7/2013,3235,19072,1,1,0,0
562,b c,1210,5,3/8/2013,3633,20692,1,1,0,0
562,b c,1210,6,3/9/2013,2658,13454,1,0,0,0
562,b c,1210,7,3/10/2013,3180,18712,1,0,0,0
562,b c,1210,1,3/11/2013,3263,18136,1,0,0,0
562,b c,1210,2,3/12/2013,3046,17628,1,0,0,0
562,b c,1210,3,3/13/2013,3071,16460,1,0,0,0
562,b c,1210,4,3/14/2013,3175,17416,1,0,0,0
562,b c,1210,5,3/15/2013,3300,17899,1,0,0,0
562,b c,1210,6,3/16/2013,2651,13490,1,0,0,0
562,b c,1210,7,3/17/2013,2863,17148,1,0,0,0
562,b c,1210,1,3/18/2013,3478,21478,1,1,0,1
562,b c,1210,2,3/19/2013,3191,20280,1,1,0,1
562,b c,1210,3,3/20/2013,3198,18630,1,1,0,1
562,b c,1210,4,3/21/2013,3071,18489,1,1,0,1
562,b c,1210,5,3/22/2013,3261,18531,1,1,0,1
562,b c,1210,6,3/23/2013,2700,13853,1,0,0,1
562,b c,1210,7,3/24/2013,3210,18874,1,0,0,1
562,b c,1210,1,3/25/2013,3530,21629,1,1,0,1
562,b c,1210,2,3/26/2013,3327,19683,1,1,0,1
562,b c,1210,3,3/27/2013,3342,20202,1,1,0,1
562,b c,1210,4,3/28/2013,3817,24721,1,1,0,1
562,b c,1210,5,3/29/2013,3268,20397,1,1,b,1
562,b c,1210,6,3/30/2013,2956,17560,1,0,0,0
562,b c,1210,7,3/31/2013,2583,14992,1,0,0,0
562,b c,1210,1,4/1/2013,3547,20449,1,0,b,1
562,b c,1210,2,4/2/2013,3418,19113,1,0,0,1
562,b c,1210,3,4/3/2013,3048,17061,1,0,0,0
562,b c,1210,4,4/4/2013,3020,16690,1,0,0,0
562,b c,1210,5,4/5/2013,3359,17848,1,0,0,0
562,b c,1210,6,4/6/2013,2887,13919,1,0,0,0
562,b c,1210,7,4/7/2013,3029,16086,1,0,0,0
562,b c,1210,1,4/8/2013,3461,21439,1,1,0,0
562,b c,1210,2,4/9/2013,3402,20733,1,1,0,0
562,b c,1210,3,4/10/2013,3177,18416,1,1,0,0
562,b c,1210,4,4/11/2013,3295,18809,1,1,0,0
562,b c,1210,5,4/12/2013,3527,19042,1,1,0,0
562,b c,1210,6,4/13/2013,2554,13497,1,0,0,0
562,b c,1210,7,4/14/2013,2877,14742,1,0,0,0
562,b c,1210,1,4/15/2013,3048,15431,1,0,0,0
562,b c,1210,2,4/16/2013,3040,16018,1,0,0,0
562,b c,1210,3,4/17/2013,2947,15406,1,0,0,0
562,b c,1210,4,4/18/2013,3045,15353,1,0,0,0
562,b c,1210,5,4/19/2013,3395,16695,1,0,0,0
562,b c,1210,6,4/20/2013,2700,13664,1,0,0,0
562,b c,1210,7,4/21/2013,3030,16903,1,0,0,0
562,b c,1210,1,4/22/2013,3335,20180,1,1,0,0
562,b c,1210,2,4/23/2013,3278,19281,1,1,0,0
562,b c,1210,3,4/24/2013,3066,17501,1,1,0,0
562,b c,1210,4,4/25/2013,3118,17087,1,1,0,0
562,b c,1210,5,4/26/2013,3587,20624,1,1,0,0
562,b c,1210,6,4/27/2013,2597,14313,1,0,0,0
562,b c,1210,7,4/28/2013,3000,17334,1,0,0,0
562,b c,1210,1,4/29/2013,3504,22038,1,1,0,0
562,b c,1210,2,4/30/2013,3633,23166,1,1,0,0
562,b c,1210,3,5/1/2013,3008,18546,1,1,a,0
562,b c,1210,4,5/2/2013,3629,21986,1,1,0,0
562,b c,1210,5,5/3/2013,3518,19883,1,1,0,0
562,b c,1210,6,5/4/2013,2962,14347,1,0,0,0
562,b c,1210,7,5/5/2013,2978,16731,1,0,0,0
562,b c,1210,1,5/6/2013,3305,17545,1,0,0,0
562,b c,1210,2,5/7/2013,3231,18657,1,0,0,0
562,b c,1210,3,5/8/2013,3603,19474,1,0,0,0
562,b c,1210,4,5/9/2013,3090,18522,1,0,a,0
562,b c,1210,5,5/10/2013,3209,17563,1,0,0,1
562,b c,1210,6,5/11/2013,2753,13679,1,0,0,0
562,b c,1210,7,5/12/2013,3387,18563,1,0,0,0
562,b c,1210,1,5/13/2013,3590,22104,1,1,0,0
562,b c,1210,2,5/14/2013,3269,19531,1,1,0,0
562,b c,1210,3,5/15/2013,3257,18247,1,1,0,0
562,b c,1210,4,5/16/2013,3275,19264,1,1,0,0
562,b c,1210,5,5/17/2013,3527,19971,1,1,0,0
562,b c,1210,6,5/18/2013,2614,13829,1,0,0,0
562,b c,1210,7,5/19/2013,2736,16033,1,0,0,0
562,b c,1210,1,5/20/2013,3316,18937,1,0,a,0
562,b c,1210,2,5/21/2013,3371,18288,1,0,0,1
562,b c,1210,3,5/22/2013,3077,17244,1,0,0,0
562,b c,1210,4,5/23/2013,3111,16545,1,0,0,0
562,b c,1210,5,5/24/2013,3309,17255,1,0,0,0
562,b c,1210,6,5/25/2013,2478,12651,1,0,0,0
562,b c,1210,7,5/26/2013,2925,16278,1,0,0,0
562,b c,1210,1,5/27/2013,3686,22390,1,1,0,0
562,b c,1210,2,5/28/2013,3129,18400,1,1,0,0
562,b c,1210,3,5/29/2013,3174,19167,1,1,0,0
562,b c,1210,4,5/30/2013,3315,20047,1,1,0,0
562,b c,1210,5,5/31/2013,3649,23066,1,1,0,0
562,b c,1210,6,6/1/2013,2868,14855,1,0,0,0
562,b c,1210,7,6/2/2013,3319,20726,1,0,0,0
562,b c,1210,1,6/3/2013,3596,22724,1,1,0,0
562,b c,1210,2,6/4/2013,3200,20159,1,1,0,0
562,b c,1210,3,6/5/2013,3010,17494,1,1,0,0
562,b c,1210,4,6/6/2013,3252,19593,1,1,0,0
562,b c,1210,5,6/7/2013,3685,21313,1,1,0,0
562,b c,1210,6,6/8/2013,2712,14082,1,0,0,0
562,b c,1210,7,6/9/2013,3017,17526,1,0,0,0
562,b c,1210,1,6/10/2013,3145,16677,1,0,0,0
562,b c,1210,2,6/11/2013,3037,16283,1,0,0,0
562,b c,1210,3,6/12/2013,2978,17521,1,0,0,0
562,b c,1210,4,6/13/2013,2999,17075,1,0,0,0
562,b c,1210,5,6/14/2013,3309,18144,1,0,0,0
562,b c,1210,6,6/15/2013,2799,16356,1,0,0,0
562,b c,1210,7,6/16/2013,3220,17965,1,0,0,0
562,b c,1210,1,6/17/2013,3450,20789,1,1,0,0
562,b c,1210,2,6/18/2013,3410,20524,1,1,0,0
562,b c,1210,3,6/19/2013,3381,18195,1,1,0,0
562,b c,1210,4,6/20/2013,3403,18605,1,1,0,0
562,b c,1210,5,6/21/2013,3635,19852,1,1,0,0
562,b c,1210,6,6/22/2013,2470,13436,1,0,0,0
562,b c,1210,7,6/23/2013,3135,18758,1,0,0,0
562,b c,1210,1,6/24/2013,3311,17548,1,0,0,0
562,b c,1210,2,6/25/2013,3236,17092,1,0,0,0
562,b c,1210,3,6/26/2013,3064,16423,1,0,0,0
562,b c,1210,4,6/27/2013,3271,17464,1,0,0,1
562,b c,1210,5,6/28/2013,3424,19376,1,0,0,1
562,b c,1210,6,6/29/2013,2748,15665,1,0,0,0
562,b c,1210,7,6/30/2013,3134,19734,1,0,0,0
562,b c,1210,1,7/1/2013,3612,22419,1,1,0,1
562,b c,1210,2,7/2/2013,3281,20024,1,1,0,1
562,b c,1210,3,7/3/2013,3310,19678,1,1,0,1
562,b c,1210,4,7/4/2013,3215,18298,1,1,0,1
562,b c,1210,5,7/5/2013,3260,19231,1,1,0,1
562,b c,1210,6,7/6/2013,2448,12598,1,0,0,1
562,b c,1210,7,7/7/2013,3083,17439,1,0,0,1
562,b c,1210,1,7/8/2013,3023,16110,1,0,0,1
562,b c,1210,2,7/9/2013,2855,15316,1,0,0,1
562,b c,1210,3,7/10/2013,2779,14993,1,0,0,1
562,b c,1210,4,7/11/2013,2695,14441,1,0,0,1
562,b c,1210,5,7/12/2013,2919,15860,1,0,0,1
562,b c,1210,6,7/13/2013,2400,11913,1,0,0,1
562,b c,1210,7,7/14/2013,2879,17179,1,0,0,1
562,b c,1210,1,7/15/2013,3263,20556,1,1,0,1
562,b c,1210,2,7/16/2013,2941,18097,1,1,0,1
562,b c,1210,3,7/17/2013,2891,16999,1,1,0,1
562,b c,1210,4,7/18/2013,3021,16967,1,1,0,1
562,b c,1210,5,7/19/2013,2994,16963,1,1,0,1
562,b c,1210,6,7/20/2013,2352,11314,1,0,0,1
562,b c,1210,7,7/21/2013,3054,15841,1,0,0,1
562,b c,1210,1,7/22/2013,3003,15035,1,0,0,1
562,b c,1210,2,7/23/2013,2796,13578,1,0,0,1
562,b c,1210,3,7/24/2013,2625,13385,1,0,0,1
562,b c,1210,4,7/25/2013,2852,14422,1,0,0,1
562,b c,1210,5,7/26/2013,2801,14839,1,0,0,1
562,b c,1210,6,7/27/2013,2399,12121,1,0,0,1
562,b c,1210,7,7/28/2013,3137,17371,1,0,0,1
562,b c,1210,1,7/29/2013,3247,19876,1,1,0,1
562,b c,1210,2,7/30/2013,3150,20270,1,1,0,1
562,b c,1210,3,7/31/2013,3251,20938,1,1,0,1
562,b c,1210,4,8/1/2013,3502,19456,1,1,0,1
562,b c,1210,5,8/2/2013,3492,18367,1,1,0,1
562,b c,1210,6,8/3/2013,2647,13014,1,0,0,1
562,b c,1210,7,8/4/2013,3197,17951,1,0,0,1
562,b c,1210,1,8/5/2013,3335,17025,1,0,0,1
562,b c,1210,2,8/6/2013,3107,16224,1,0,0,1
562,b c,1210,3,8/7/2013,2973,16262,1,0,0,1
562,b c,1210,4,8/8/2013,2925,16695,1,0,0,0
562,b c,1210,5,8/9/2013,3011,15612,1,0,0,0
562,b c,1210,6,8/10/2013,2435,12292,1,0,0,0
562,b c,1210,7,8/11/2013,3126,18372,1,0,0,0
562,b c,1210,1,8/12/2013,3428,20244,1,1,0,0
562,b c,1210,2,8/13/2013,3143,19107,1,1,0,0
562,b c,1210,3,8/14/2013,3075,18174,1,1,0,0
562,b c,1210,4,8/15/2013,3107,18081,1,1,0,0
562,b c,1210,5,8/16/2013,3388,17705,1,1,0,0
562,b c,1210,6,8/17/2013,2540,11848,1,0,0,0
562,b c,1210,7,8/18/2013,3189,19255,1,0,0,0
562,b c,1210,1,8/19/2013,3045,16058,1,0,0,0
562,b c,1210,2,8/20/2013,2811,15234,1,0,0,0
562,b c,1210,3,8/21/2013,2755,14337,1,0,0,0
562,b c,1210,4,8/22/2013,2677,13500,1,0,0,0
562,b c,1210,5,8/23/2013,2992,15288,1,0,0,0
562,b c,1210,6,8/24/2013,2689,12234,1,0,0,0
562,b c,1210,7,8/25/2013,3241,17217,1,0,0,0
562,b c,1210,1,8/26/2013,3216,19799,1,1,0,0
562,b c,1210,2,8/27/2013,3150,17927,1,1,0,0
562,b c,1210,3,8/28/2013,3075,17622,1,1,0,0
562,b c,1210,4,8/29/2013,2957,17483,1,1,0,0
562,b c,1210,5,8/30/2013,3528,20380,1,1,0,0
562,b c,1210,6,8/31/2013,2762,15098,1,0,0,0
562,b c,1210,7,9/1/2013,3304,21656,1,0,0,0
562,b c,1210,1,9/2/2013,3058,17720,1,0,0,0
562,b c,1210,2,9/3/2013,2912,16363,1,0,0,0
562,b c,1210,3,9/4/2013,2767,15358,1,0,0,0
562,b c,1210,4,9/5/2013,2874,15305,1,0,0,0
562,b c,1210,5,9/6/2013,3161,15945,1,0,0,0
562,b c,1210,6,9/7/2013,2724,13607,1,0,0,0
562,b c,1210,7,9/8/2013,3237,19131,1,0,0,0
562,b c,1210,1,9/9/2013,3338,21760,1,1,0,0
562,b c,1210,2,9/10/2013,3179,20883,1,1,0,0
562,b c,1210,3,9/11/2013,3204,19599,1,1,0,0
562,b c,1210,4,9/12/2013,3132,19441,1,1,0,0
562,b c,1210,5,9/13/2013,3305,18160,1,1,0,0
562,b c,1210,6,9/14/2013,2840,13311,1,0,0,0
562,b c,1210,7,9/15/2013,3131,18013,1,0,0,0
562,b c,1210,1,9/16/2013,2958,15843,1,0,0,0
562,b c,1210,2,9/17/2013,2653,14941,1,0,0,0
562,b c,1210,3,9/18/2013,2687,14541,1,0,0,0
562,b c,1210,4,9/19/2013,2684,14570,1,0,0,0
562,b c,1210,5,9/20/2013,2898,14947,1,0,0,0
562,b c,1210,6,9/21/2013,2270,11503,1,0,0,0
562,b c,1210,7,9/22/2013,2927,17443,1,0,0,0
562,b c,1210,1,9/23/2013,3096,19126,1,1,0,0
562,b c,1210,2,9/24/2013,2833,16701,1,1,0,0
562,b c,1210,3,9/25/2013,2852,16838,1,1,0,0
562,b c,1210,4,9/26/2013,2787,15984,1,1,0,0
562,b c,1210,5,9/27/2013,3112,17805,1,1,0,0
562,b c,1210,6,9/28/2013,2392,12541,1,0,0,0
562,b c,1210,7,9/29/2013,3308,18323,1,0,0,0
562,b c,1210,1,9/30/2013,3114,17901,1,0,0,0
562,b c,1210,2,10/1/2013,3000,18037,1,0,0,0
562,b c,1210,3,10/2/2013,3315,18873,1,0,0,0
562,b c,1210,4,10/3/2013,3247,19533,1,0,a,0
562,b c,1210,5,10/4/2013,3139,17633,1,0,0,1
562,b c,1210,6,10/5/2013,2448,13384,1,0,0,1
562,b c,1210,7,10/6/2013,2924,16626,1,0,0,1
562,b c,1210,1,10/7/2013,3452,22726,1,1,0,1
562,b c,1210,2,10/8/2013,3132,19294,1,1,0,1
562,b c,1210,3,10/9/2013,3037,18081,1,1,0,1
562,b c,1210,4,10/10/2013,3103,18610,1,1,0,1
562,b c,1210,5,10/11/2013,3101,17918,1,1,0,1
562,b c,1210,6,10/12/2013,2437,13192,1,0,0,1
562,b c,1210,7,10/13/2013,3107,19291,1,0,0,1
562,b c,1210,1,10/14/2013,3012,17715,1,0,0,1
562,b c,1210,2,10/15/2013,2938,18022,1,0,0,1
562,b c,1210,3,10/16/2013,2909,16968,1,0,0,1
562,b c,1210,4,10/17/2013,3018,16709,1,0,0,1
562,b c,1210,5,10/18/2013,3331,16770,1,0,0,1
562,b c,1210,6,10/19/2013,3113,15107,1,0,0,0
562,b c,1210,7,10/20/2013,3378,17583,1,0,0,0
562,b c,1210,1,10/21/2013,3393,20392,1,1,0,0
562,b c,1210,2,10/22/2013,3268,21070,1,1,0,0
562,b c,1210,3,10/23/2013,3297,19048,1,1,0,0
562,b c,1210,4,10/24/2013,3207,18600,1,1,0,0
562,b c,1210,5,10/25/2013,3516,19461,1,1,0,0
562,b c,1210,6,10/26/2013,3021,13446,1,0,0,0
562,b c,1210,7,10/27/2013,3433,18710,1,0,0,0
562,b c,1210,1,10/28/2013,2828,15523,1,0,0,0
562,b c,1210,2,10/29/2013,2657,16339,1,0,0,0
562,b c,1210,3,10/30/2013,3048,17652,1,0,0,0
562,b c,1210,4,10/31/2013,3460,19886,1,0,0,0
562,b c,1210,5,11/1/2013,3877,20647,1,0,0,0
562,b c,1210,6,11/2/2013,3165,15590,1,0,0,0
562,b c,1210,7,11/3/2013,3296,17510,1,0,0,0
562,b c,1210,1,11/4/2013,3695,24060,1,1,0,0
562,b c,1210,2,11/5/2013,3371,21509,1,1,0,0
562,b c,1210,3,11/6/2013,3244,20262,1,1,0,0
562,b c,1210,4,11/7/2013,3314,19686,1,1,0,0
562,b c,1210,5,11/8/2013,3587,20654,1,1,0,0
562,b c,1210,6,11/9/2013,2628,13965,1,0,0,0
562,b c,1210,7,11/10/2013,3234,19496,1,0,0,0
562,b c,1210,1,11/11/2013,3099,16735,1,0,0,0
562,b c,1210,2,11/12/2013,3142,17195,1,0,0,0
562,b c,1210,3,11/13/2013,3080,17184,1,0,0,0
562,b c,1210,4,11/14/2013,3191,18719,1,0,0,0
562,b c,1210,5,11/15/2013,3296,17724,1,0,0,0
562,b c,1210,6,11/16/2013,2684,14262,1,0,0,0
562,b c,1210,7,11/17/2013,3151,18881,1,0,0,0
562,b c,1210,1,11/18/2013,3382,22293,1,1,0,0
562,b c,1210,2,11/19/2013,3282,20322,1,1,0,0
562,b c,1210,3,11/20/2013,3167,19658,1,1,0,0
562,b c,1210,4,11/21/2013,3223,18799,1,1,0,0
562,b c,1210,5,11/22/2013,3453,19762,1,1,0,0
562,b c,1210,6,11/23/2013,2778,14412,1,0,0,0
562,b c,1210,7,11/24/2013,3417,20569,1,0,0,0
562,b c,1210,1,11/25/2013,3145,20311,1,0,0,0
562,b c,1210,2,11/26/2013,3064,18580,1,0,0,0
562,b c,1210,3,11/27/2013,3218,20112,1,0,0,0
562,b c,1210,4,11/28/2013,3200,19606,1,0,0,0
562,b c,1210,5,11/29/2013,3694,21946,1,0,0,0
562,b c,1210,6,11/30/2013,3305,18521,1,0,0,0
562,b c,1210,7,12/1/2013,3504,22918,1,0,0,0
562,b c,1210,1,12/2/2013,3920,27428,1,1,0,0
562,b c,1210,2,12/3/2013,3724,25864,1,1,0,0
562,b c,1210,3,12/4/2013,3711,25116,1,1,0,0
562,b c,1210,4,12/5/2013,2925,22587,1,1,0,0
562,b c,1210,5,12/6/2013,3354,21722,1,1,0,0
562,b c,1210,6,12/7/2013,3189,16137,1,0,0,0
562,b c,1210,7,12/8/2013,3363,20035,1,0,0,0
562,b c,1210,1,12/9/2013,3477,20676,1,0,0,0
562,b c,1210,2,12/10/2013,3266,18838,1,0,0,0
562,b c,1210,3,12/11/2013,3241,18730,1,0,0,0
562,b c,1210,4,12/12/2013,3418,20664,1,0,0,0
562,b c,1210,5,12/13/2013,3656,21057,1,0,0,0
562,b c,1210,6,12/14/2013,3475,19128,1,0,0,0
562,b c,1210,7,12/15/2013,3429,21990,1,0,0,0
562,b c,1210,1,12/16/2013,3931,28680,1,1,0,0
562,b c,1210,2,12/17/2013,3962,26505,1,1,0,0
562,b c,1210,3,12/18/2013,3874,26082,1,1,0,0
562,b c,1210,4,12/19/2013,3869,24975,1,1,0,0
562,b c,1210,5,12/20/2013,4099,26264,1,1,0,0
562,b c,1210,6,12/21/2013,3418,19957,1,0,0,0
562,b c,1210,7,12/22/2013,3763,26659,1,0,0,0
562,b c,1210,1,12/23/2013,3860,26152,1,0,0,1
562,b c,1210,2,12/24/2013,1663,11024,1,0,0,1
562,b c,1210,3,12/25/2013,2014,13376,1,0,c,1
562,b c,1210,4,12/26/2013,2612,16810,1,0,c,1
562,b c,1210,5,12/27/2013,2797,16205,1,0,0,1
562,b c,1210,6,12/28/2013,2485,14707,1,0,0,1
562,b c,1210,7,12/29/2013,2883,18672,1,0,0,1
562,b c,1210,1,12/30/2013,3115,19653,1,0,0,1
562,b c,1210,2,12/31/2013,2519,16157,1,0,0,1
562,b c,1210,3,1/1/2014,1931,11002,1,0,a,1
562,b c,1210,4,1/2/2014,2696,15302,1,0,0,1
562,b c,1210,5,1/3/2014,2694,15191,1,0,0,1
562,b c,1210,6,1/4/2014,2408,13599,1,0,0,0
562,b c,1210,7,1/5/2014,2765,17279,1,0,0,0
562,b c,1210,1,1/6/2014,3476,23336,1,1,0,0
562,b c,1210,2,1/7/2014,3243,20566,1,1,0,0
562,b c,1210,3,1/8/2014,3123,18482,1,1,0,0
562,b c,1210,4,1/9/2014,3246,19719,1,1,0,0
562,b c,1210,5,1/10/2014,3385,20222,1,1,0,0
562,b c,1210,6,1/11/2014,2587,13923,1,0,0,0
562,b c,1210,7,1/12/2014,2951,17773,1,0,0,0
562,b c,1210,1,1/13/2014,3088,17572,1,0,0,0
562,b c,1210,2,1/14/2014,2917,16139,1,0,0,0
562,b c,1210,3,1/15/2014,2862,16186,1,0,0,0
562,b c,1210,4,1/16/2014,2995,17722,1,0,0,0
562,b c,1210,5,1/17/2014,3085,17338,1,0,0,0
562,b c,1210,6,1/18/2014,2503,13994,1,0,0,0
562,b c,1210,7,1/19/2014,2829,16929,1,0,0,0
562,b c,1210,1,1/20/2014,3479,23047,1,1,0,0
562,b c,1210,2,1/21/2014,3252,20566,1,1,0,0
562,b c,1210,3,1/22/2014,3189,20073,1,1,0,0
562,b c,1210,4,1/23/2014,3147,18564,1,1,0,0
562,b c,1210,5,1/24/2014,3353,19048,1,1,0,0
562,b c,1210,6,1/25/2014,2486,13196,1,0,0,0
562,b c,1210,7,1/26/2014,2775,16303,1,0,0,0
562,b c,1210,1,1/27/2014,2998,16910,1,0,0,0
562,b c,1210,2,1/28/2014,3064,16763,1,0,0,0
562,b c,1210,3,1/29/2014,3127,18113,1,0,0,0
562,b c,1210,4,1/30/2014,3186,17915,1,0,0,1
562,b c,1210,5,1/31/2014,3547,20360,1,0,0,1
562,b c,1210,6,2/1/2014,2806,15498,1,0,0,0
562,b c,1210,7,2/2/2014,3474,22888,1,0,0,0
562,b c,1210,1,2/3/2014,3622,24966,1,1,0,0
562,b c,1210,2,2/4/2014,3310,21727,1,1,0,0
562,b c,1210,3,2/5/2014,3138,18962,1,1,0,0
562,b c,1210,4,2/6/2014,3275,19916,1,1,0,0
562,b c,1210,5,2/7/2014,3471,20145,1,1,0,0
562,b c,1210,6,2/8/2014,2800,14114,1,0,0,0
562,b c,1210,7,2/9/2014,3287,19174,1,0,0,0
562,b c,1210,1,2/10/2014,3229,17708,1,0,0,0
562,b c,1210,2,2/11/2014,3113,17351,1,0,0,0
562,b c,1210,3,2/12/2014,3071,17255,1,0,0,0
562,b c,1210,4,2/13/2014,3073,17429,1,0,0,0
562,b c,1210,5,2/14/2014,3549,19384,1,0,0,0
562,b c,1210,6,2/15/2014,2731,13622,1,0,0,0
562,b c,1210,7,2/16/2014,3206,19873,1,0,0,0
562,b c,1210,1,2/17/2014,3327,21929,1,1,0,0
562,b c,1210,2,2/18/2014,3271,20903,1,1,0,0
562,b c,1210,3,2/19/2014,3151,19137,1,1,0,0
562,b c,1210,4,2/20/2014,3093,18355,1,1,0,0
562,b c,1210,5,2/21/2014,3491,20186,1,1,0,0
562,b c,1210,6,2/22/2014,2666,14908,1,0,0,0
562,b c,1210,7,2/23/2014,3239,18872,1,0,0,0
562,b c,1210,1,2/24/2014,2825,14794,1,0,0,0
562,b c,1210,2,2/25/2014,2759,15489,1,0,0,0
562,b c,1210,3,2/26/2014,2928,16296,1,0,0,0
562,b c,1210,4,2/27/2014,2938,17061,1,0,0,0
562,b c,1210,5,2/28/2014,3436,20491,1,0,0,0
562,b c,1210,6,3/1/2014,2808,14180,1,0,0,0
562,b c,1210,7,3/2/2014,3475,22873,1,0,0,0
562,b c,1210,1,3/3/2014,3442,23540,1,1,0,0
562,b c,1210,2,3/4/2014,3162,20367,1,1,0,0
562,b c,1210,3,3/5/2014,3110,18666,1,1,0,0
562,b c,1210,4,3/6/2014,3048,18933,1,1,0,0
562,b c,1210,5,3/7/2014,3322,19812,1,1,0,0
562,b c,1210,6,3/8/2014,2805,14307,1,0,0,0
562,b c,1210,7,3/9/2014,3327,18322,1,0,0,0
562,b c,1210,1,3/10/2014,2843,15695,1,0,0,0
562,b c,1210,2,3/11/2014,2818,15581,1,0,0,0
562,b c,1210,3,3/12/2014,2914,16073,1,0,0,0
562,b c,1210,4,3/13/2014,2901,15398,1,0,0,0
562,b c,1210,5,3/14/2014,3218,17947,1,0,0,0
562,b c,1210,6,3/15/2014,2827,14381,1,0,0,0
562,b c,1210,7,3/16/2014,3200,18693,1,0,0,0
562,b c,1210,1,3/17/2014,3460,21439,1,1,0,0
562,b c,1210,2,3/18/2014,3094,18685,1,1,0,0
562,b c,1210,3,3/19/2014,3096,19299,1,1,0,0
562,b c,1210,4,3/20/2014,2874,15543,1,1,0,0
562,b c,1210,5,3/21/2014,3450,20074,1,1,0,0
562,b c,1210,6,3/22/2014,2533,13893,1,0,0,0
562,b c,1210,7,3/23/2014,3081,18717,1,0,0,0
562,b c,1210,1,3/24/2014,3011,17267,1,0,0,0
562,b c,1210,2,3/25/2014,2972,16862,1,0,0,0
562,b c,1210,3,3/26/2014,2847,16279,1,0,0,0
562,b c,1210,4,3/27/2014,3049,17350,1,0,0,0
562,b c,1210,5,3/28/2014,3343,17763,1,0,0,0
562,b c,1210,6,3/29/2014,2559,13096,1,0,0,0
562,b c,1210,7,3/30/2014,2909,17317,1,0,0,0
562,b c,1210,1,3/31/2014,3489,23502,1,1,0,0
562,b c,1210,2,4/1/2014,3304,20957,1,1,0,0
562,b c,1210,3,4/2/2014,3146,18826,1,1,0,0
562,b c,1210,4,4/3/2014,3134,18194,1,1,0,1
562,b c,1210,5,4/4/2014,3480,21544,1,1,0,1
562,b c,1210,6,4/5/2014,2743,13726,1,0,0,1
562,b c,1210,7,4/6/2014,3166,18876,1,0,0,1
562,b c,1210,1,4/7/2014,3050,16681,1,0,0,1
562,b c,1210,2,4/8/2014,2981,16596,1,0,0,1
562,b c,1210,3,4/9/2014,3009,17091,1,0,0,1
562,b c,1210,4,4/10/2014,2917,16138,1,0,0,1
562,b c,1210,5,4/11/2014,3138,16997,1,0,0,1
562,b c,1210,6,4/12/2014,2689,13958,1,0,0,1
562,b c,1210,7,4/13/2014,3259,17895,1,0,0,1
562,b c,1210,1,4/14/2014,3472,21788,1,1,0,1
562,b c,1210,2,4/15/2014,3364,20904,1,1,0,1
562,b c,1210,3,4/16/2014,3313,20335,1,1,0,1
562,b c,1210,4,4/17/2014,3649,21838,1,1,0,1
562,b c,1210,5,4/18/2014,3243,19741,1,1,b,1
562,b c,1210,6,4/19/2014,3198,17072,1,0,0,1
562,b c,1210,7,4/20/2014,2828,14825,1,0,0,1
562,b c,1210,1,4/21/2014,3367,19220,1,0,b,1
562,b c,1210,2,4/22/2014,3383,17993,1,0,0,1
562,b c,1210,3,4/23/2014,3005,16230,1,0,0,0
562,b c,1210,4,4/24/2014,2999,15765,1,0,0,0
562,b c,1210,5,4/25/2014,3198,15889,1,0,0,0
562,b c,1210,6,4/26/2014,2723,12713,1,0,0,0
562,b c,1210,7,4/27/2014,3123,18175,1,0,0,0
562,b c,1210,1,4/28/2014,3428,21668,1,1,0,0
562,b c,1210,2,4/29/2014,3231,20667,1,1,0,0
562,b c,1210,3,4/30/2014,3670,22387,1,1,0,0
562,b c,1210,4,5/1/2014,3274,21501,1,1,a,0
562,b c,1210,5,5/2/2014,3326,19449,1,1,0,1
562,b c,1210,6,5/3/2014,2764,13808,1,0,0,0
562,b c,1210,7,5/4/2014,3228,19960,1,0,0,0
562,b c,1210,1,5/5/2014,3590,22727,1,1,0,0
562,b c,1210,2,5/6/2014,3257,19927,1,1,0,0
562,b c,1210,3,5/7/2014,3377,20421,1,1,0,0
562,b c,1210,4,5/8/2014,3426,19903,1,1,0,0
562,b c,1210,5,5/9/2014,3716,22000,1,1,0,0
562,b c,1210,6,5/10/2014,2758,14552,1,0,0,0
562,b c,1210,7,5/11/2014,3456,21544,1,0,0,0
562,b c,1210,1,5/12/2014,3237,17385,1,0,0,0
562,b c,1210,2,5/13/2014,3071,16935,1,0,0,0
562,b c,1210,3,5/14/2014,3051,16344,1,0,0,0
562,b c,1210,4,5/15/2014,3055,16510,1,0,0,0
562,b c,1210,5,5/16/2014,3155,15846,1,0,0,0
562,b c,1210,6,5/17/2014,2477,12313,1,0,0,0
562,b c,1210,7,5/18/2014,3261,18810,1,0,0,0
562,b c,1210,1,5/19/2014,3402,21140,1,1,0,0
562,b c,1210,2,5/20/2014,3167,18074,1,1,0,0
562,b c,1210,3,5/21/2014,3211,18231,1,1,0,0
562,b c,1210,4,5/22/2014,3291,17966,1,1,0,0
562,b c,1210,5,5/23/2014,3517,19107,1,1,0,0
562,b c,1210,6,5/24/2014,2511,11848,1,0,0,0
562,b c,1210,7,5/25/2014,3322,18574,1,0,0,0
562,b c,1210,1,5/26/2014,3099,16819,1,0,0,0
562,b c,1210,2,5/27/2014,3028,16682,1,0,0,0
562,b c,1210,3,5/28/2014,3383,19461,1,0,0,0
562,b c,1210,4,5/29/2014,3539,23749,1,0,a,0
562,b c,1210,5,5/30/2014,3062,18467,1,0,0,1
562,b c,1210,6,5/31/2014,2563,14311,1,0,0,0
562,b c,1210,7,6/1/2014,3246,20006,1,0,0,0
562,b c,1210,1,6/2/2014,3655,23518,1,1,0,0
562,b c,1210,2,6/3/2014,3440,20985,1,1,0,0
562,b c,1210,3,6/4/2014,3487,20555,1,1,0,0
562,b c,1210,4,6/5/2014,3617,21489,1,1,0,0
562,b c,1210,5,6/6/2014,3766,20920,1,1,0,0
562,b c,1210,6,6/7/2014,2775,13799,1,0,0,0
562,b c,1210,7,6/8/2014,3171,18661,1,0,0,0
562,b c,1210,1,6/9/2014,3461,19688,1,0,a,0
562,b c,1210,2,6/10/2014,3466,18186,1,0,0,1
562,b c,1210,3,6/11/2014,3081,17788,1,0,0,0
562,b c,1210,4,6/12/2014,2998,16548,1,0,0,0
562,b c,1210,5,6/13/2014,3153,17883,1,0,0,0
562,b c,1210,6,6/14/2014,2736,13825,1,0,0,0
562,b c,1210,7,6/15/2014,3070,18295,1,0,0,0
562,b c,1210,1,6/16/2014,3328,20891,1,1,0,0
562,b c,1210,2,6/17/2014,3171,18905,1,1,0,0
562,b c,1210,3,6/18/2014,3067,18451,1,1,0,0
562,b c,1210,4,6/19/2014,3289,18388,1,1,0,0
562,b c,1210,5,6/20/2014,3406,19164,1,1,0,0
562,b c,1210,6,6/21/2014,2413,11882,1,0,0,0
562,b c,1210,7,6/22/2014,3184,19267,1,0,0,0
562,b c,1210,1,6/23/2014,3070,16224,1,0,0,0
562,b c,1210,2,6/24/2014,2947,15638,1,0,0,0
562,b c,1210,3,6/25/2014,2842,15860,1,0,0,0
562,b c,1210,4,6/26/2014,2789,14342,1,0,0,0
562,b c,1210,5,6/27/2014,3097,16825,1,0,0,0
562,b c,1210,6,6/28/2014,2451,12938,1,0,0,0
562,b c,1210,7,6/29/2014,3242,21003,1,0,0,0
562,b c,1210,1,6/30/2014,3679,23924,1,1,0,0
562,b c,1210,2,7/1/2014,3333,20314,1,1,0,0
562,b c,1210,3,7/2/2014,3318,20724,1,1,0,0
562,b c,1210,4,7/3/2014,3161,17772,1,1,0,0
562,b c,1210,5,7/4/2014,3384,17551,1,1,0,0
562,b c,1210,6,7/5/2014,2882,13306,1,0,0,0
562,b c,1210,7,7/6/2014,3289,17599,1,0,0,0
562,b c,1210,1,7/7/2014,3233,17091,1,0,0,0
562,b c,1210,2,7/8/2014,3102,16469,1,0,0,0
562,b c,1210,3,7/9/2014,2742,14462,1,0,0,0
562,b c,1210,4,7/10/2014,2962,15419,1,0,0,0
562,b c,1210,5,7/11/2014,3229,16738,1,0,0,0
562,b c,1210,6,7/12/2014,2587,12882,1,0,0,0
562,b c,1210,7,7/13/2014,3273,18905,1,0,0,0
562,b c,1210,1,7/14/2014,3241,19246,1,1,0,0
562,b c,1210,2,7/15/2014,3191,18541,1,1,0,0
562,b c,1210,3,7/16/2014,3139,18415,1,1,0,0
562,b c,1210,4,7/17/2014,3214,17832,1,1,0,0
562,b c,1210,5,7/18/2014,3379,16872,1,1,0,0
562,b c,1210,6,7/19/2014,2671,11456,1,0,0,0
562,b c,1210,7,7/20/2014,3164,17794,1,0,0,0
562,b c,1210,1,7/21/2014,2932,16055,1,0,0,0
562,b c,1210,2,7/22/2014,2878,14790,1,0,0,0
562,b c,1210,3,7/23/2014,2978,14909,1,0,0,0
562,b c,1210,4,7/24/2014,2946,15369,1,0,0,0
562,b c,1210,5,7/25/2014,3048,15753,1,0,0,0
562,b c,1210,6,7/26/2014,2522,12244,1,0,0,0
562,b c,1210,7,7/27/2014,3284,19117,1,0,0,0
562,b c,1210,1,7/28/2014,3287,19655,1,1,0,0
562,b c,1210,2,7/29/2014,3419,19251,1,1,0,0
562,b c,1210,3,7/30/2014,3139,19389,1,1,0,0
562,b c,1210,4,7/31/2014,3397,20671,1,1,0,1
562,b c,1210,5,8/1/2014,3537,19670,1,1,0,1
562,b c,1210,6,8/2/2014,2893,14427,1,0,0,1
562,b c,1210,7,8/3/2014,4017,21206,1,0,0,1
562,b c,1210,1,8/4/2014,3427,20483,1,1,0,1
562,b c,1210,2,8/5/2014,3038,17560,1,1,0,1
562,b c,1210,3,8/6/2014,3080,17776,1,1,0,1
562,b c,1210,4,8/7/2014,2973,17024,1,1,0,1
562,b c,1210,5,8/8/2014,3107,17336,1,1,0,1
562,b c,1210,6,8/9/2014,2524,13016,1,0,0,1
562,b c,1210,7,8/10/2014,3197,17786,1,0,0,1
562,b c,1210,1,8/11/2014,2850,15975,1,0,0,1
562,b c,1210,2,8/12/2014,2743,14863,1,0,0,1
562,b c,1210,3,8/13/2014,2679,14392,1,0,0,1
562,b c,1210,4,8/14/2014,2782,14693,1,0,0,1
562,b c,1210,5,8/15/2014,2870,15411,1,0,0,1
562,b c,1210,6,8/16/2014,2404,12671,1,0,0,1
562,b c,1210,7,8/17/2014,3086,18594,1,0,0,1
562,b c,1210,1,8/18/2014,2982,19040,1,1,0,1
562,b c,1210,2,8/19/2014,2957,17967,1,1,0,1
562,b c,1210,3,8/20/2014,2807,16611,1,1,0,1
562,b c,1210,4,8/21/2014,2812,15947,1,1,0,1
562,b c,1210,5,8/22/2014,2906,16049,1,1,0,1
562,b c,1210,6,8/23/2014,2378,12608,1,0,0,1
562,b c,1210,7,8/24/2014,3207,18052,1,0,0,1
562,b c,1210,1,8/25/2014,2672,13994,1,0,0,1
562,b c,1210,2,8/26/2014,2546,13096,1,0,0,1
562,b c,1210,3,8/27/2014,2587,13541,1,0,0,1
562,b c,1210,4,8/28/2014,2624,14143,1,0,0,1
562,b c,1210,5,8/29/2014,2952,16497,1,0,0,1
562,b c,1210,6,8/30/2014,2859,14596,1,0,0,1
562,b c,1210,7,8/31/2014,3374,21395,1,0,0,1
562,b c,1210,1,9/1/2014,3259,21128,1,1,0,1
562,b c,1210,2,9/2/2014,2991,18310,1,1,0,1
562,b c,1210,3,9/3/2014,2961,17704,1,1,0,1
562,b c,1210,4,9/4/2014,2975,17304,1,1,0,1
562,b c,1210,5,9/5/2014,3022,16837,1,1,0,1
562,b c,1210,6,9/6/2014,2560,11869,1,0,0,1
562,b c,1210,7,9/7/2014,3328,19830,1,0,0,1
562,b c,1210,1,9/8/2014,3055,16439,1,0,0,1
562,b c,1210,2,9/9/2014,3010,16694,1,0,0,1
562,b c,1210,3,9/10/2014,2973,15707,1,0,0,1
562,b c,1210,4,9/11/2014,2847,15924,1,0,0,0
562,b c,1210,5,9/12/2014,3033,16186,1,0,0,0
562,b c,1210,6,9/13/2014,2403,12219,1,0,0,0
562,b c,1210,7,9/14/2014,3393,20259,1,0,0,0
562,b c,1210,1,9/15/2014,3182,18748,1,1,0,0
562,b c,1210,2,9/16/2014,3015,17679,1,1,0,0
562,b c,1210,3,9/17/2014,2872,16563,1,1,0,0
562,b c,1210,4,9/18/2014,2848,16289,1,1,0,0
562,b c,1210,5,9/19/2014,3128,16842,1,1,0,0
562,b c,1210,6,9/20/2014,2572,12961,1,0,0,0
562,b c,1210,7,9/21/2014,3295,19178,1,0,0,0
562,b c,1210,1,9/22/2014,2981,15913,1,0,0,0
562,b c,1210,2,9/23/2014,2781,15905,1,0,0,0
562,b c,1210,3,9/24/2014,2805,15390,1,0,0,0
562,b c,1210,4,9/25/2014,2768,15345,1,0,0,0
562,b c,1210,5,9/26/2014,3121,17035,1,0,0,0
562,b c,1210,6,9/27/2014,2551,13791,1,0,0,0
562,b c,1210,7,9/28/2014,3174,18513,1,0,0,0
562,b c,1210,1,9/29/2014,3132,19261,1,1,0,0
562,b c,1210,2,9/30/2014,3171,19377,1,1,0,0
562,b c,1210,3,10/1/2014,3096,19161,1,1,0,0
562,b c,1210,4,10/2/2014,3563,21534,1,1,0,0
562,b c,1210,5,10/3/2014,3622,22190,1,1,a,0
562,b c,1210,6,10/4/2014,2949,15178,1,0,0,0
562,b c,1210,7,10/5/2014,3091,18795,1,0,0,0
562,b c,1210,1,10/6/2014,3319,20668,1,1,0,0
562,b c,1210,2,10/7/2014,3294,19997,1,1,0,0
562,b c,1210,3,10/8/2014,2972,18151,1,1,0,0
562,b c,1210,4,10/9/2014,3098,18158,1,1,0,0
562,b c,1210,5,10/10/2014,3225,17817,1,1,0,0
562,b c,1210,6,10/11/2014,2566,13201,1,0,0,0
562,b c,1210,7,10/12/2014,3179,19742,1,0,0,0
562,b c,1210,1,10/13/2014,3104,17044,1,0,0,0
562,b c,1210,2,10/14/2014,2989,15897,1,0,0,0
562,b c,1210,3,10/15/2014,2684,14918,1,0,0,0
562,b c,1210,4,10/16/2014,3093,17513,1,0,0,0
562,b c,1210,5,10/17/2014,3446,18045,1,0,0,0
562,b c,1210,6,10/18/2014,2736,12890,1,0,0,0
562,b c,1210,7,10/19/2014,3275,18110,1,0,0,0
562,b c,1210,1,10/20/2014,3509,20874,1,1,0,0
562,b c,1210,2,10/21/2014,3301,19687,1,1,0,0
562,b c,1210,3,10/22/2014,3306,19242,1,1,0,0
562,b c,1210,4,10/23/2014,3209,17945,1,1,0,0
562,b c,1210,5,10/24/2014,3729,19741,1,1,0,0
562,b c,1210,6,10/25/2014,2983,13875,1,0,0,0
562,b c,1210,7,10/26/2014,3782,20603,1,0,0,0
562,b c,1210,1,10/27/2014,3274,18203,1,0,0,1
562,b c,1210,2,10/28/2014,3169,17863,1,0,0,1
562,b c,1210,3,10/29/2014,3108,18108,1,0,0,1
562,b c,1210,4,10/30/2014,3245,18602,1,0,0,1
562,b c,1210,5,10/31/2014,3732,19791,1,0,0,1
562,b c,1210,6,11/1/2014,3063,15769,1,0,0,0
562,b c,1210,7,11/2/2014,3559,19101,1,0,0,0
562,b c,1210,1,11/3/2014,3462,22275,1,1,0,1
562,b c,1210,2,11/4/2014,3189,20298,1,1,0,1
562,b c,1210,3,11/5/2014,3083,18858,1,1,0,1
562,b c,1210,4,11/6/2014,2905,18408,1,1,0,1
562,b c,1210,5,11/7/2014,3031,17739,1,1,0,1
562,b c,1210,6,11/8/2014,2461,13206,1,0,0,0
562,b c,1210,7,11/9/2014,3102,21055,1,0,0,0
562,b c,1210,1,11/10/2014,3401,21477,1,1,0,0
562,b c,1210,2,11/11/2014,3257,20328,1,1,0,0
562,b c,1210,3,11/12/2014,3057,19108,1,1,0,0
562,b c,1210,4,11/13/2014,3146,19405,1,1,0,0
562,b c,1210,5,11/14/2014,3463,19542,1,1,0,0
562,b c,1210,6,11/15/2014,2686,14535,1,0,0,0
562,b c,1210,7,11/16/2014,3198,19828,1,0,0,0
562,b c,1210,1,11/17/2014,3129,17319,1,0,0,0
562,b c,1210,2,11/18/2014,3026,18114,1,0,0,0
562,b c,1210,3,11/19/2014,2890,16253,1,0,0,0
562,b c,1210,4,11/20/2014,3041,16663,1,0,0,0
562,b c,1210,5,11/21/2014,3113,16146,1,0,0,0
562,b c,1210,6,11/22/2014,2564,13080,1,0,0,0
562,b c,1210,7,11/23/2014,3268,19890,1,0,0,0
562,b c,1210,1,11/24/2014,3376,22281,1,1,0,0
562,b c,1210,2,11/25/2014,3137,20482,1,1,0,0
562,b c,1210,3,11/26/2014,3134,20405,1,1,0,0
562,b c,1210,4,11/27/2014,3161,20536,1,1,0,0
562,b c,1210,5,11/28/2014,3750,23321,1,1,0,0
562,b c,1210,6,11/29/2014,2947,17530,1,0,0,0
562,b c,1210,7,11/30/2014,3507,24801,1,0,0,0
562,b c,1210,1,12/1/2014,3794,26683,1,1,0,0
562,b c,1210,2,12/2/2014,3462,22581,1,1,0,0
562,b c,1210,3,12/3/2014,3450,22478,1,1,0,0
562,b c,1210,4,12/4/2014,3468,23642,1,1,0,0
562,b c,1210,5,12/5/2014,4081,27716,1,1,0,0
562,b c,1210,6,12/6/2014,3042,15700,1,0,0,0
562,b c,1210,7,12/7/2014,3316,21866,1,0,0,0
562,b c,1210,1,12/8/2014,3316,19877,1,0,0,0
562,b c,1210,2,12/9/2014,3208,18627,1,0,0,0
562,b c,1210,3,12/10/2014,3178,17828,1,0,0,0
562,b c,1210,4,12/11/2014,3227,18293,1,0,0,0
562,b c,1210,5,12/12/2014,3601,20312,1,0,0,0
562,b c,1210,6,12/13/2014,3119,16289,1,0,0,0
562,b c,1210,7,12/14/2014,3454,22247,1,0,0,0
562,b c,1210,1,12/15/2014,3851,27183,1,1,0,0
562,b c,1210,2,12/16/2014,3518,23875,1,1,0,0
562,b c,1210,3,12/17/2014,3564,23838,1,1,0,0
562,b c,1210,4,12/18/2014,3718,23242,1,1,0,0
562,b c,1210,5,12/19/2014,3767,24987,1,1,0,0
562,b c,1210,6,12/20/2014,3190,16915,1,0,0,0
562,b c,1210,7,12/21/2014,3673,26380,1,0,0,0
562,b c,1210,1,12/22/2014,3718,25402,1,0,0,1
562,b c,1210,2,12/23/2014,3618,24353,1,0,0,1
562,b c,1210,3,12/24/2014,1756,12655,1,0,0,1
562,b c,1210,4,12/25/2014,2086,14166,1,0,c,1
562,b c,1210,5,12/26/2014,2667,16961,1,0,c,1
562,b c,1210,6,12/27/2014,2566,14904,1,0,0,1
562,b c,1210,7,12/28/2014,2823,18218,1,0,0,1
562,b c,1210,1,12/29/2014,2748,16894,1,0,0,1
562,b c,1210,2,12/30/2014,2924,18524,1,0,0,1
562,b c,1210,3,12/31/2014,2327,16420,1,0,0,1
562,b c,1210,4,1/1/2015,1919,10552,1,0,a,1
562,b c,1210,5,1/2/2015,2541,14531,1,0,0,1
562,b c,1210,6,1/3/2015,2247,12829,1,0,0,0
562,b c,1210,7,1/4/2015,2968,19170,1,0,0,0
562,b c,1210,1,1/5/2015,3365,22143,1,1,0,1
562,b c,1210,2,1/6/2015,3109,20120,1,1,0,0
562,b c,1210,3,1/7/2015,3038,18878,1,1,0,0
562,b c,1210,4,1/8/2015,2913,17672,1,1,0,0
562,b c,1210,5,1/9/2015,3182,18421,1,1,0,0
562,b c,1210,6,1/10/2015,2578,14080,1,0,0,0
562,b c,1210,7,1/11/2015,2788,17683,1,0,0,0
562,b c,1210,1,1/12/2015,3461,21880,1,1,0,0
562,b c,1210,2,1/13/2015,3084,18682,1,1,0,0
562,b c,1210,3,1/14/2015,3126,19041,1,1,0,0
562,b c,1210,4,1/15/2015,3118,19153,1,1,0,0
562,b c,1210,5,1/16/2015,3316,19477,1,1,0,0
562,b c,1210,6,1/17/2015,2566,12811,1,0,0,0
562,b c,1210,7,1/18/2015,2921,18076,1,0,0,0
562,b c,1210,1,1/19/2015,3126,16830,1,0,0,0
562,b c,1210,2,1/20/2015,2898,15659,1,0,0,0
562,b c,1210,3,1/21/2015,2900,16129,1,0,0,0
562,b c,1210,4,1/22/2015,2828,15362,1,0,0,0
562,b c,1210,5,1/23/2015,3236,18149,1,0,0,0
562,b c,1210,6,1/24/2015,2494,13137,1,0,0,0
562,b c,1210,7,1/25/2015,3070,19361,1,0,0,0
562,b c,1210,1,1/26/2015,3407,21243,1,1,0,0
562,b c,1210,2,1/27/2015,2986,18047,1,1,0,0
562,b c,1210,3,1/28/2015,3085,19231,1,1,0,0
562,b c,1210,4,1/29/2015,3214,19776,1,1,0,0
562,b c,1210,5,1/30/2015,3708,23248,1,1,0,0
562,b c,1210,6,1/31/2015,2703,15197,1,0,0,0
562,b c,1210,7,2/1/2015,3489,21821,1,0,0,0
562,b c,1210,1,2/2/2015,3513,22153,1,1,0,1
562,b c,1210,2,2/3/2015,3231,20057,1,1,0,1
562,b c,1210,3,2/4/2015,3228,18840,1,1,0,0
562,b c,1210,4,2/5/2015,3197,18354,1,1,0,0
562,b c,1210,5,2/6/2015,3467,20548,1,1,0,0
562,b c,1210,6,2/7/2015,2698,15011,1,0,0,0
562,b c,1210,7,2/8/2015,3576,20984,1,0,0,0
562,b c,1210,1,2/9/2015,3072,17150,1,0,0,0
562,b c,1210,2,2/10/2015,2883,15947,1,0,0,0
562,b c,1210,3,2/11/2015,2862,16379,1,0,0,0
562,b c,1210,4,2/12/2015,2915,16530,1,0,0,0
562,b c,1210,5,2/13/2015,3374,18678,1,0,0,0
562,b c,1210,6,2/14/2015,2943,14046,1,0,0,0
562,b c,1210,7,2/15/2015,3268,20445,1,0,0,0
562,b c,1210,1,2/16/2015,3242,20603,1,1,0,0
562,b c,1210,2,2/17/2015,3069,18814,1,1,0,0
562,b c,1210,3,2/18/2015,3132,18419,1,1,0,0
562,b c,1210,4,2/19/2015,3166,18073,1,1,0,0
562,b c,1210,5,2/20/2015,3390,19002,1,1,0,0
562,b c,1210,6,2/21/2015,2619,14292,1,0,0,0
562,b c,1210,7,2/22/2015,3182,18868,1,0,0,0
562,b c,1210,1,2/23/2015,2881,15518,1,0,0,0
562,b c,1210,2,2/24/2015,2859,15181,1,0,0,0
562,b c,1210,3,2/25/2015,2896,16080,1,0,0,0
562,b c,1210,4,2/26/2015,2840,15956,1,0,0,0
562,b c,1210,5,2/27/2015,3429,20324,1,0,0,0
562,b c,1210,6,2/28/2015,2738,14668,1,0,0,0
562,b c,1210,7,3/1/2015,3363,20835,1,0,0,0
562,b c,1210,1,3/2/2015,3351,21755,1,1,0,0
562,b c,1210,2,3/3/2015,3263,20272,1,1,0,0
562,b c,1210,3,3/4/2015,3118,19001,1,1,0,0
562,b c,1210,4,3/5/2015,3129,19416,1,1,0,0
562,b c,1210,5,3/6/2015,3348,19201,1,1,0,0
562,b c,1210,6,3/7/2015,2743,14055,1,0,0,0
562,b c,1210,7,3/8/2015,3309,18637,1,0,0,0
562,b c,1210,1,3/9/2015,3051,18229,1,0,0,0
562,b c,1210,2,3/10/2015,2936,17329,1,0,0,0
562,b c,1210,3,3/11/2015,2928,16842,1,0,0,0
562,b c,1210,4,3/12/2015,2941,17204,1,0,0,0
562,b c,1210,5,3/13/2015,3242,17321,1,0,0,0
562,b c,1210,6,3/14/2015,2796,13786,1,0,0,0
562,b c,1210,7,3/15/2015,3343,20933,1,0,0,0
562,b c,1210,1,3/16/2015,3343,21094,1,1,0,0
562,b c,1210,2,3/17/2015,3129,17988,1,1,0,0
562,b c,1210,3,3/18/2015,3104,18245,1,1,0,0
562,b c,1210,4,3/19/2015,3120,17794,1,1,0,0
562,b c,1210,5,3/20/2015,3435,20623,1,1,0,0
562,b c,1210,6,3/21/2015,2620,13565,1,0,0,0
562,b c,1210,7,3/22/2015,3221,20904,1,0,0,0
562,b c,1210,1,3/23/2015,3001,16963,1,0,0,0
562,b c,1210,2,3/24/2015,2858,15985,1,0,0,0
562,b c,1210,3,3/25/2015,3009,16321,1,0,0,1
562,b c,1210,4,3/26/2015,2824,16172,1,0,0,1
562,b c,1210,5,3/27/2015,3245,17476,1,0,0,1
562,b c,1210,6,3/28/2015,2680,14422,1,0,0,1
562,b c,1210,7,3/29/2015,2797,16958,1,0,0,1
562,b c,1210,1,3/30/2015,3294,23107,1,1,0,1
562,b c,1210,2,3/31/2015,3134,21045,1,1,0,1
562,b c,1210,3,4/1/2015,3239,22896,1,1,0,1
562,b c,1210,4,4/2/2015,3821,24903,1,1,0,1
562,b c,1210,5,4/3/2015,3511,22413,1,1,b,1
562,b c,1210,6,4/4/2015,3182,17465,1,0,0,1
562,b c,1210,7,4/5/2015,2978,17177,1,0,0,1
562,b c,1210,1,4/6/2015,3552,20025,1,0,b,1
562,b c,1210,2,4/7/2015,3127,17430,1,0,0,1
562,b c,1210,3,4/8/2015,3107,16881,1,0,0,1
562,b c,1210,4,4/9/2015,2983,15151,1,0,0,1
562,b c,1210,5,4/10/2015,3212,16414,1,0,0,1
562,b c,1210,6,4/11/2015,2642,13918,1,0,0,0
562,b c,1210,7,4/12/2015,3460,20255,1,0,0,0
562,b c,1210,1,4/13/2015,3450,22817,1,1,0,0
562,b c,1210,2,4/14/2015,3268,20388,1,1,0,0
562,b c,1210,3,4/15/2015,3036,19068,1,1,0,0
562,b c,1210,4,4/16/2015,3202,18891,1,1,0,0
562,b c,1210,5,4/17/2015,3553,20186,1,1,0,0
562,b c,1210,6,4/18/2015,2491,13204,1,0,0,0
562,b c,1210,7,4/19/2015,3381,17830,1,0,0,0
562,b c,1210,1,4/20/2015,3123,16532,1,0,0,0
562,b c,1210,2,4/21/2015,2818,15469,1,0,0,0
562,b c,1210,3,4/22/2015,2666,15329,1,0,0,0
562,b c,1210,4,4/23/2015,2759,14957,1,0,0,0
562,b c,1210,5,4/24/2015,3115,16411,1,0,0,0
562,b c,1210,6,4/25/2015,2509,13760,1,0,0,0
562,b c,1210,7,4/26/2015,3099,18894,1,0,0,0
562,b c,1210,1,4/27/2015,3498,22895,1,1,0,0
562,b c,1210,2,4/28/2015,3171,19790,1,1,0,0
562,b c,1210,3,4/29/2015,3185,20357,1,1,0,0
562,b c,1210,4,4/30/2015,4075,26481,1,1,0,0
562,b c,1210,5,5/1/2015,3655,22866,1,1,a,0
562,b c,1210,6,5/2/2015,2893,15457,1,0,0,0
562,b c,1210,7,5/3/2015,3359,20279,1,0,0,0
562,b c,1210,1,5/4/2015,3536,21517,1,1,0,0
562,b c,1210,2,5/5/2015,3119,18898,1,1,0,0
562,b c,1210,3,5/6/2015,3161,19112,1,1,0,0
562,b c,1210,4,5/7/2015,3089,18413,1,1,0,0
562,b c,1210,5,5/8/2015,3331,18880,1,1,0,0
562,b c,1210,6,5/9/2015,2508,13180,1,0,0,0
562,b c,1210,7,5/10/2015,3265,19354,1,0,0,0
562,b c,1210,1,5/11/2015,3004,16189,1,0,0,0
562,b c,1210,2,5/12/2015,2989,16629,1,0,0,0
562,b c,1210,3,5/13/2015,3399,19716,1,0,0,0
562,b c,1210,4,5/14/2015,3347,20788,1,0,a,0
562,b c,1210,5,5/15/2015,3049,16667,1,0,0,1
562,b c,1210,6,5/16/2015,2643,13342,1,0,0,0
562,b c,1210,7,5/17/2015,3327,20043,1,0,0,0
562,b c,1210,1,5/18/2015,3365,21957,1,1,0,0
562,b c,1210,2,5/19/2015,3204,19488,1,1,0,0
562,b c,1210,3,5/20/2015,2943,18532,1,1,0,0
562,b c,1210,4,5/21/2015,2946,17312,1,1,0,0
562,b c,1210,5,5/22/2015,3193,17726,1,1,0,0
562,b c,1210,6,5/23/2015,2566,13722,1,0,0,0
562,b c,1210,7,5/24/2015,2974,17237,1,0,0,0
562,b c,1210,1,5/25/2015,3435,21370,1,0,a,0
562,b c,1210,2,5/26/2015,3144,18116,1,0,0,1
562,b c,1210,3,5/27/2015,2939,16813,1,0,0,0
562,b c,1210,4,5/28/2015,3183,18127,1,0,0,0
562,b c,1210,5,5/29/2015,3545,20628,1,0,0,0
562,b c,1210,6,5/30/2015,2689,14890,1,0,0,0
562,b c,1210,7,5/31/2015,3504,21975,1,0,0,0
562,b c,1210,1,6/1/2015,3533,24214,1,1,0,0
562,b c,1210,2,6/2/2015,3183,20810,1,1,0,0
562,b c,1210,3,6/3/2015,3166,20018,1,1,0,0
562,b c,1210,4,6/4/2015,3240,19314,1,1,0,0
562,b c,1210,5,6/5/2015,3689,20018,1,1,0,0
562,b c,1210,6,6/6/2015,2609,13483,1,0,0,0
562,b c,1210,7,6/7/2015,3282,18421,1,0,0,0
562,b c,1210,1,6/8/2015,3103,18084,1,0,0,0
562,b c,1210,2,6/9/2015,2981,16024,1,0,0,0
562,b c,1210,3,6/10/2015,2913,16795,1,0,0,0
562,b c,1210,4,6/11/2015,2996,16512,1,0,0,0
562,b c,1210,5,6/12/2015,3273,16542,1,0,0,0
562,b c,1210,6,6/13/2015,2593,12897,1,0,0,0
562,b c,1210,7,6/14/2015,3170,18775,1,0,0,0
562,b c,1210,1,6/15/2015,3284,20735,1,1,0,0
562,b c,1210,2,6/16/2015,3021,19034,1,1,0,0
562,b c,1210,3,6/17/2015,3017,18456,1,1,0,0
562,b c,1210,4,6/18/2015,3060,17918,1,1,0,0
562,b c,1210,5,6/19/2015,3311,18604,1,1,0,0
